@Article{hau21:fur,
  author = 	 {Haubold, B. and Kl\"otzl, F. and Hellberg, L. and Thompson, D. and Cavalar, M.},
  title = 	 {\texttt{Fur}: Find unique genomic regions for diagnostic {PCR}},
  journal = 	 {Bioinformatics},
  year = 	 2021,
  volume = 	 {doi.org/10.1093/bioinformatics/btab059}}

@Book{		  knu98:ar2,
  author	= {Knuth, D. E.},
  title		= {The Art of Computer Programming: Seminumerical Algorithms},
  publisher	= {Addision Wesley},
  address	= {Boston},
  year		= 1998,
  volume	= 2
}

@Article{	  hud90:gen,
  key		= 207,
  author	= {Hudson, R. R.},
  title		= {Gene genealogies and the coalescent process},
  journal	= {Oxford Surveys in Evolutionary Biology},
  pages		= {1-44},
  year		= 1990,
  volume	= 7
}
